<?xml version="1.0" encoding="UTF-8"?><collection xmlns="http://www.loc.gov/MARC21/slim"><record><leader>00492nam--2200181-i-4500</leader><controlfield tag="001">000014896</controlfield><controlfield tag="002">20161230</controlfield><controlfield tag="005">20170104005500</controlfield><controlfield tag="008">060222s1000------------r-----000-0-fre-d</controlfield><datafield ind1=" " ind2=" " tag="040"><subfield code="a">IFIN-HH</subfield></datafield><datafield ind1=" " ind2=" " tag="041"><subfield code="a">fre</subfield></datafield><datafield ind1=" " ind2=" " tag="080"><subfield code="a">531.19:519-24</subfield></datafield><datafield ind1="1" ind2=" " tag="100"><subfield code="a">Blanc-Lapierre, Andre</subfield></datafield><datafield ind1="1" ind2="0" tag="245"><subfield code="a">Modeles statistique pour l'etude de phenomenes de fluctuations</subfield><subfield code="c">A. Blanc-Lapierre</subfield></datafield><datafield ind1=" " ind2=" " tag="260"><subfield code="a">Paris</subfield><subfield code="b">Masson Et C-ie</subfield><subfield code="c">1963</subfield></datafield><datafield ind1=" " ind2=" " tag="300"><subfield code="a">148 p</subfield></datafield><datafield ind1=" " ind2=" " tag="852"><subfield code="a">75775</subfield><subfield code="c">519.2</subfield></datafield><datafield ind1=" " ind2=" " tag="CAT"><subfield code="a">SYS</subfield><subfield code="c">20170104</subfield><subfield code="h">005500</subfield></datafield></record></collection>